01REMESSA01COBRANCA       00000000000001111111EXEMPLOARQUIVOCNAB DE FARIAS -237BRADESCO       300823        MX0000046                                                                                                                                                                                                                                                                                     000001
1000000000000000000000090111100111111FS00954101A1             0002010000000000005400000000002N           0  019541      14102300000002980000000000001N300823061500000000000990000000000000000000000000000000000000000000000111101111111111EXEMPLOARQUIVOCNABRE                    RUA VITAL ISIDORIO DA SILVA 134  ELDORAD            00000000                                                            000002
1000000000000000000000090111100111111FS00954102A1             0002010000000000006200000000002N           0  019541      14112300000002980000000000001N300823061500000000000990000000000000000000000000000000000000000000000111101111111111EXEMPLOARQUIVOCNABRE                    RUA VITAL ISIDORIO DA SILVA 134  ELDORAD            00000000                                                            000003
9                                                                                                                                                                                                                                                                                                                                                                                                         000004
