02RETORNO01COBRANCA       00000000000005845782METALUGIC                     237BRADESCO       0404240160000000002                                                                                                                                                                                                                                                                          040424         000001
1022385669100012500000090140100238384000000000000000000026771D000000002037200008580000000000000000000000000902040424000001339D00000000203720000858060424000000016662523704144  000000000000000000000000000000000000000000000000000000000000000000000000000000000000000000000000000000000000000000000                          0000000000                                                                  000002
9201237          000000220000000537829100000002          00010000002351266000000000000000000000000000000000000000000000000000000000000000000000000000000000000000000000000000000000000000000                                                                                                                                                                              00000000000000000000000         000012

